@book{Seo-2014,
   Author = {서민구},
   Title = {R을 이용한 데이터 처리 \& 분석 실무},
   isbn={9788966188260},
   url={https://books.google.co.kr/books?id=0GjAoQEACAAJ},
   Publisher = {길벗},
      Year = {2014} }
      

@book{Ko-2014,
  Author = {고석범},
  Title={R과 Knitr를 활용한 데이터 연동형 문서 만들기(에이콘 데이터 과학 13)},
  isbn={9788960775510},
  url={https://books.google.co.kr/books?id=7UXFoAEACAAJ},
  year={2014},
  publisher={에이콘출판}
}

@misc{R-Friend, 
  Title = {{RFriend} R, Phython 분석과 프로그래밍}, 
  howpublished = {\url{http://rfriend.tistory.com}}, 
  note = {Accessed: 2017-11-20}
}